%% This BibTeX bibliography file was created using BibDesk.
%% http://bibdesk.sourceforge.net/


%% Created for Ernesto Costa at 2008-07-06 14:55:05 +0100 


%% Saved with string encoding Western (ASCII) 



@book{lutz2004,
	Author = {Mark Lutz and David Ascher},
	Date-Added = {2008-07-06 14:53:00 +0100},
	Date-Modified = {2008-07-06 14:54:19 +0100},
	Publisher = {O'Reiily},
	Title = {Learning Python (2nd Edition)},
	Year = {2004}}
